@unpublished{notsoshort,
  title = "{The Not So Short Introduction to LaTeX}",
  author = {Tobias Oetiker},
  note={https://tobi.oetiker.ch/lshort/lshort.pdf},
  year = {2015},
  url={https://tobi.oetiker.ch/lshort/lshort.pdf}
}